<record><leader>00000cas a22000007a 4500</leader><controlfield tag="001">20507773</controlfield><controlfield tag="008">891018d19251927nduwr ne      0    0eng d</controlfield><datafield ind1=" " ind2=" " tag="010"><subfield code="a">sn 89074327 </subfield></datafield><datafield ind1=" " ind2=" " tag="040"><subfield code="a">NOP</subfield><subfield code="b">eng</subfield><subfield code="c">NOP</subfield><subfield code="d">OCLCQ</subfield></datafield><datafield ind1=" " ind2=" " tag="042"><subfield code="a">msc</subfield></datafield><datafield ind1="0" ind2=" " tag="130"><subfield code="a">Mandan news (Mandan, N.D. : 1925)</subfield></datafield><datafield ind1="1" ind2="4" tag="245"><subfield code="a">The Mandan news.</subfield></datafield><datafield ind1="1" ind2="3" tag="246"><subfield code="a">North Dakota oil journal and industrial index</subfield></datafield><datafield ind1=" " ind2=" " tag="260"><subfield code="a">[Mandan, Morton County, N.D.] :</subfield><subfield code="b">Mandan News Co.</subfield></datafield><datafield ind1=" " ind2=" " tag="300"><subfield code="a">v. :</subfield><subfield code="b">ill. ;</subfield><subfield code="c">58-61 cm.</subfield></datafield><datafield ind1=" " ind2=" " tag="310"><subfield code="a">Weekly</subfield></datafield><datafield ind1="0" ind2=" " tag="362"><subfield code="a">Vol. 33, no. 38 (June 4, 1925)-</subfield></datafield><datafield ind1="1" ind2=" " tag="362"><subfield code="a">Ceased July 21, 1927?</subfield></datafield><datafield ind1=" " ind2=" " tag="500"><subfield code="a">Published as: North Dakota oil journal and industrial index, Mar. 17-June 9, 1927.</subfield></datafield><datafield ind1=" " ind2=" " tag="530"><subfield code="a">Available on microfilm from the State Historical Society of North Dakota.</subfield></datafield><datafield ind1=" " ind2=" " tag="752"><subfield code="a">United States</subfield><subfield code="b">North Dakota</subfield><subfield code="c">Morton</subfield><subfield code="d">Mandan.</subfield></datafield><datafield ind1="0" ind2="0" tag="780"><subfield code="t">Mandan news and the Morton County farmers press</subfield><subfield code="w">(DLC)sn 89074326</subfield></datafield></record>